<?xml version="1.0" encoding="UTF-8"?><record xmlns="http://www.loc.gov/MARC21/slim" xmlns:cinclude="http://apache.org/cocoon/include/1.0" xmlns:zs="http://www.loc.gov/zing/srw/">
  <leader>00383nz  a2200133n  4500</leader>
  <controlfield tag="001">nr 89016151 </controlfield>
  <controlfield tag="003">DLC</controlfield>
  <controlfield tag="005">19891117054518.8</controlfield>
  <controlfield tag="008">891115n| acannaab|          |n aaa     c</controlfield>
  <datafield tag="010" ind1=" " ind2=" ">
    <subfield code="a">nr 89016151 </subfield>
  </datafield>
  <datafield tag="040" ind1=" " ind2=" ">
    <subfield code="a">NjP</subfield>
    <subfield code="c">NjP</subfield>
  </datafield>
  <datafield tag="100" ind1="1" ind2="0">
    <subfield code="a">Notermans, Jef,</subfield>
    <subfield code="d">1898-</subfield>
  </datafield>
  <datafield tag="670" ind1=" " ind2=" ">
    <subfield code="a">Heinrich, v. Veldeke. 25 minneliederen, 1977:</subfield>
    <subfield code="b">t.p. (Drs. Jef Notermans)</subfield>
  </datafield>
  <datafield tag="670" ind1=" " ind2=" ">
    <subfield code="a">NUC pre-56</subfield>
    <subfield code="b">(Notermans, Jef, 1898-)</subfield>
  </datafield>
</record>